<?xml version="1.0" encoding="UTF-8"?><collection xmlns="http://www.loc.gov/MARC21/slim"><record><leader>00396nam--2200169-i-4500</leader><controlfield tag="001">000036823</controlfield><controlfield tag="002">20161230</controlfield><controlfield tag="005">20170204201459</controlfield><controlfield tag="008">060222s1000------------r-----000-0-eng-d</controlfield><datafield ind1=" " ind2=" " tag="080"><subfield code="a">53(075.8)</subfield></datafield><datafield ind1=" " ind2=" " tag="100"><subfield code="a">Popescu, Iovitiu</subfield></datafield><datafield ind1=" " ind2=" " tag="245"><subfield code="a">Fizica generala</subfield></datafield><datafield ind1=" " ind2=" " tag="260"><subfield code="a">Bucuresti</subfield><subfield code="b">Ed.Tehnica</subfield><subfield code="c">1971</subfield></datafield><datafield ind1=" " ind2=" " tag="300"><subfield code="a">482 p</subfield></datafield><datafield ind1=" " ind2=" " tag="700"><subfield code="a">Titeica, Radu</subfield></datafield><datafield ind1=" " ind2=" " tag="852"><subfield code="a">36323</subfield></datafield><datafield ind1=" " ind2=" " tag="CAT"><subfield code="a">SYS</subfield><subfield code="c">20170204</subfield><subfield code="h">201459</subfield></datafield></record></collection>